@misc{Bohanec1988,
  author = {Bohanec, Marko},
  year = {1988},
  title = {Car Evaluation [Dataset]},
  journal = {UCI Machine Learning Repository},
  url = {https://doi.org/10.24432/C5JP48}
}

@misc{Canada2024,
  author = {{Financial Consumer Agency of Canada}},
  year = {2024},
  title = {Government of Canada},
  url = {https://www.canada.ca/en/financial-consumer-agency/services/loans/financing-car/risks.html},
  note = {Accessed: 2024-01-05}
}

@article{Chiu2022,
  author = {Chiu, L. and Du, J. and Wang, N.},
  year = {2022},
  title = {The Effects of Price Dispersion on Sales in the Automobile Industry: A Dynamic Panel Analysis},
  journal = {SAGE Open},
  url = {https://doi.org/10.1177/21582440221120647}
}

@article{Vrkljan2011,
  author = {Vrkljan, Brenda H. and Anaby, Dana},
  year = {2011},
  title = {What vehicle features are considered important when buying an automobile? An examination of driver preferences by age and gender},
  journal = {Journal of Safety Research},
  volume = {42},
  number = {1},
  pages = {61-65},
  url = {https://doi.org/10.1016/j.jsr.2010.11.006}
}